This file was created with JabRef 2.0.1.
Encoding: Cp1252

@InProceedings{Tarnowski17,
  author =	"Pawel Tarnowski and Marcin Kolodziej and Andrzej Majkowski and Remigiusz J. Rak",
  title =	"Emotion recognition using facial expressions",
  conference =	"International Conference on Computational Science at ICCS 2017 in 12-14 June 2017 in
Zurich in Switzerland",
  year = 	"2017",
  publisher =	"Science Direct",
}

@article{Samadiani19,
  author =	"Najmeh Samadiani and Guangyan Huang and Borui Cai and Wei Luo and Chi-Hung Chi and Yong Xiang and Jing He",
  title =	"A Review on Automatic Facial Expression Recognition Systems Assisted by Multimodal Sensor Data",
  journal =	"Multidisciplinary Digital Publishing Institute (MDPI)",
  year = 	"2019",
} 


@Book{Burkert16,
  author =	"Peter Burkert and Felix Trier and Muhammad Zeshan Afzal and Andreas Dengel and Marcus Liwicki",
  title =	"DeXpression: Deep Convolutional Neural Network for Expression Recognition",
  journal =	"German Research Center for Artificial Intelligence (DFKI)",
  year = 	"2016",
}